@ARTICLE{huber17,
   author = {{Huber}, D. and {Zinn}, J. and {Bojsen-Hansen}, M. and {Pinsonneault}, M. and 
	{Sahlholdt}, C. and {Serenelli}, A. and {Silva Aguirre}, V. and 
	{Stassun}, K. and {Stello}, D. and {Tayar}, J. and {Bastien}, F. and 
	{Bedding}, T.~R. and {Buchhave}, L.~A. and {Chaplin}, W.~J. and 
	{Davies}, G.~R. and {Garc{\'{\i}}a}, R.~A. and {Latham}, D.~W. and 
	{Mathur}, S. and {Mosser}, B. and {Sharma}, S.},
    title = "{Asteroseismology and Gaia: Testing Scaling Relations Using 2200 Kepler  Stars with TGAS Parallaxes}",
  journal = {\apj},
archivePrefix = "arXiv",
   eprint = {1705.04697},
 primaryClass = "astro-ph.SR",
 keywords = {parallaxes, stars: distances, stars: fundamental parameters, stars: late-type, stars: oscillations, techniques: photometric},
     year = 2017,
    month = aug,
   volume = 844,
      eid = {102},
    pages = {102},
      doi = {10.3847/1538-4357/aa75ca},
   adsurl = {http://adsabs.harvard.edu/abs/2017ApJ...844..102H},
  adsnote = {Provided by the SAO/NASA Astrophysics Data System}
}


@ARTICLE{apsis,
   author = {{Bailer-Jones}, C.~A.~L. and {Andrae}, R. and {Arcay}, B. and
	{Astraatmadja}, T. and {Bellas-Velidis}, I. and {Berihuete}, A. and
	{Bijaoui}, A. and {Carri{\'o}n}, C. and {Dafonte}, C. and {Damerdji}, Y. and
	{Dapergolas}, A. and {de Laverny}, P. and {Delchambre}, L. and
	{Drazinos}, P. and {Drimmel}, R. and {Fr{\'e}mat}, Y. and {Fustes}, D. and
	{Garc{\'{\i}}a-Torres}, M. and {Gu{\'e}d{\'e}}, C. and {Heiter}, U. and
	{Janotto}, A.-M. and {Karampelas}, A. and {Kim}, D.-W. and {Knude}, J. and
	{Kolka}, I. and {Kontizas}, E. and {Kontizas}, M. and {Korn}, A.~J. and
	{Lanzafame}, A.~C. and {Lebreton}, Y. and {Lindstr{\o}m}, H. and
	{Liu}, C. and {Livanou}, E. and {Lobel}, A. and {Manteiga}, M. and
	{Martayan}, C. and {Ordenovic}, C. and {Pichon}, B. and {Recio-Blanco}, A. and
	{Rocca-Volmerange}, B. and {Sarro}, L.~M. and {Smith}, K. and
	{Sordo}, R. and {Soubiran}, C. and {Surdej}, J. and {Th{\'e}venin}, F. and
	{Tsalmantza}, P. and {Vallenari}, A. and {Zorec}, J.},
    title = "{The Gaia astrophysical parameters inference system (Apsis). Pre-launch description}",
  journal = {\aap},
archivePrefix = "arXiv",
   eprint = {1309.2157},
 primaryClass = "astro-ph.IM",
 keywords = {galaxies: fundamental parameters, methods: data analysis, methods:, statistical, stars: fundamental parameters, surveys},
     year = 2013,
    month = nov,
   volume = 559,
      eid = {A74},
    pages = {A74},
      doi = {10.1051/0004-6361/201322344},
   adsurl = {http://adsabs.harvard.edu/abs/2013A%26A...559A..74B},
  adsnote = {Provided by the SAO/NASA Astrophysics Data System}
}



@ARTICLE{sdss,
   author = {{York}, D.~G. and {Adelman}, J. and {Anderson}, Jr., J.~E. and
	{Anderson}, S.~F. and {Annis}, J. and {Bahcall}, N.~A. and {Bakken}, J.~A. and
	{Barkhouser}, R. and {Bastian}, S. and {Berman}, E. and {Boroski}, W.~N. and
	{Bracker}, S. and {Briegel}, C. and {Briggs}, J.~W. and {Brinkmann}, J. and
	{Brunner}, R. and {Burles}, S. and {Carey}, L. and {Carr}, M.~A. and
	{Castander}, F.~J. and {Chen}, B. and {Colestock}, P.~L. and
	{Connolly}, A.~J. and {Crocker}, J.~H. and {Csabai}, I. and
	{Czarapata}, P.~C. and {Davis}, J.~E. and {Doi}, M. and {Dombeck}, T. and
	{Eisenstein}, D. and {Ellman}, N. and {Elms}, B.~R. and {Evans}, M.~L. and
	{Fan}, X. and {Federwitz}, G.~R. and {Fiscelli}, L. and {Friedman}, S. and
	{Frieman}, J.~A. and {Fukugita}, M. and {Gillespie}, B. and
	{Gunn}, J.~E. and {Gurbani}, V.~K. and {de Haas}, E. and {Haldeman}, M. and
	{Harris}, F.~H. and {Hayes}, J. and {Heckman}, T.~M. and {Hennessy}, G.~S. and
	{Hindsley}, R.~B. and {Holm}, S. and {Holmgren}, D.~J. and {Huang}, C.-h. and
	{Hull}, C. and {Husby}, D. and {Ichikawa}, S.-I. and {Ichikawa}, T. and
	{Ivezi{\'c}}, {\v Z}. and {Kent}, S. and {Kim}, R.~S.~J. and
	{Kinney}, E. and {Klaene}, M. and {Kleinman}, A.~N. and {Kleinman}, S. and
	{Knapp}, G.~R. and {Korienek}, J. and {Kron}, R.~G. and {Kunszt}, P.~Z. and
	{Lamb}, D.~Q. and {Lee}, B. and {Leger}, R.~F. and {Limmongkol}, S. and
	{Lindenmeyer}, C. and {Long}, D.~C. and {Loomis}, C. and {Loveday}, J. and
	{Lucinio}, R. and {Lupton}, R.~H. and {MacKinnon}, B. and {Mannery}, E.~J. and
	{Mantsch}, P.~M. and {Margon}, B. and {McGehee}, P. and {McKay}, T.~A. and
	{Meiksin}, A. and {Merelli}, A. and {Monet}, D.~G. and {Munn}, J.~A. and
	{Narayanan}, V.~K. and {Nash}, T. and {Neilsen}, E. and {Neswold}, R. and
	{Newberg}, H.~J. and {Nichol}, R.~C. and {Nicinski}, T. and
	{Nonino}, M. and {Okada}, N. and {Okamura}, S. and {Ostriker}, J.~P. and
	{Owen}, R. and {Pauls}, A.~G. and {Peoples}, J. and {Peterson}, R.~L. and
	{Petravick}, D. and {Pier}, J.~R. and {Pope}, A. and {Pordes}, R. and
	{Prosapio}, A. and {Rechenmacher}, R. and {Quinn}, T.~R. and
	{Richards}, G.~T. and {Richmond}, M.~W. and {Rivetta}, C.~H. and
	{Rockosi}, C.~M. and {Ruthmansdorfer}, K. and {Sandford}, D. and
	{Schlegel}, D.~J. and {Schneider}, D.~P. and {Sekiguchi}, M. and
	{Sergey}, G. and {Shimasaku}, K. and {Siegmund}, W.~A. and {Smee}, S. and
	{Smith}, J.~A. and {Snedden}, S. and {Stone}, R. and {Stoughton}, C. and
	{Strauss}, M.~A. and {Stubbs}, C. and {SubbaRao}, M. and {Szalay}, A.~S. and
	{Szapudi}, I. and {Szokoly}, G.~P. and {Thakar}, A.~R. and {Tremonti}, C. and
	{Tucker}, D.~L. and {Uomoto}, A. and {Vanden Berk}, D. and {Vogeley}, M.~S. and
	{Waddell}, P. and {Wang}, S.-i. and {Watanabe}, M. and {Weinberg}, D.~H. and
	{Yanny}, B. and {Yasuda}, N. and {SDSS Collaboration}},
    title = "{The Sloan Digital Sky Survey: Technical Summary}",
  journal = {\aj},
   eprint = {astro-ph/0006396},
 keywords = {Cosmology: Observations, Instrumentation: Miscellaneous},
     year = 2000,
    month = sep,
   volume = 120,
    pages = {1579-1587},
      doi = {10.1086/301513},
   adsurl = {http://adsabs.harvard.edu/abs/2000AJ....120.1579Y},
  adsnote = {Provided by the SAO/NASA Astrophysics Data System}
}

@ARTICLE{juric08,
   author = {{Juri{\'c}}, M. and {Ivezi{\'c}}, {\v Z}. and {Brooks}, A. and
	{Lupton}, R.~H. and {Schlegel}, D. and {Finkbeiner}, D. and
	{Padmanabhan}, N. and {Bond}, N. and {Sesar}, B. and {Rockosi}, C.~M. and
	{Knapp}, G.~R. and {Gunn}, J.~E. and {Sumi}, T. and {Schneider}, D.~P. and
	{Barentine}, J.~C. and {Brewington}, H.~J. and {Brinkmann}, J. and
	{Fukugita}, M. and {Harvanek}, M. and {Kleinman}, S.~J. and
	{Krzesinski}, J. and {Long}, D. and {Neilsen}, Jr., E.~H. and
	{Nitta}, A. and {Snedden}, S.~A. and {York}, D.~G.},
    title = "{The Milky Way Tomography with SDSS. I. Stellar Number Density Distribution}",
  journal = {\apj},
   eprint = {astro-ph/0510520},
 keywords = {Galaxy: disk, Galaxy: fundamental parameters, Galaxy: halo, Galaxy: structure},
     year = 2008,
    month = feb,
   volume = 673,
      eid = {864-914},
    pages = {864-914},
      doi = {10.1086/523619},
   adsurl = {http://adsabs.harvard.edu/abs/2008ApJ...673..864J},
  adsnote = {Provided by the SAO/NASA Astrophysics Data System}
}


@ARTICLE{bovy17,
   author = {{Bovy}, J.},
    title = "{Stellar Inventory of the Solar Neighborhood using Gaia DR1}",
  journal = {ArXiv e-prints},
archivePrefix = "arXiv",
   eprint = {1704.05063},
 keywords = {Astrophysics - Astrophysics of Galaxies},
     year = 2017,
    month = apr,
   adsurl = {http://adsabs.harvard.edu/abs/2017arXiv170405063B},
  adsnote = {Provided by the SAO/NASA Astrophysics Data System}
}


@ARTICLE{malmquist22,
   author = {{Malmquist}, K.~G.},
    title = "{On some relations in stellar statistics}",
  journal = {Meddelanden fran Lunds Astronomiska Observatorium Serie I},
     year = 1922,
    month = mar,
   volume = 100,
    pages = {1-52},
   adsurl = {http://adsabs.harvard.edu/abs/1922MeLuF.100....1M},
  adsnote = {Provided by the SAO/NASA Astrophysics Data System}
}


@ARTICLE{ps1,
   author = {{Chambers}, K.~C. and {Magnier}, E.~A. and {Metcalfe}, N. and
	{Flewelling}, H.~A. and {Huber}, M.~E. and {Waters}, C.~Z. and
	{Denneau}, L. and {Draper}, P.~W. and {Farrow}, D. and {Finkbeiner}, D.~P. and
	{Holmberg}, C. and {Koppenhoefer}, J. and {Price}, P.~A. and
	{Saglia}, R.~P. and {Schlafly}, E.~F. and {Smartt}, S.~J. and
	{Sweeney}, W. and {Wainscoat}, R.~J. and {Burgett}, W.~S. and
	{Grav}, T. and {Heasley}, J.~N. and {Hodapp}, K.~W. and {Jedicke}, R. and
	{Kaiser}, N. and {Kudritzki}, R.-P. and {Luppino}, G.~A. and
	{Lupton}, R.~H. and {Monet}, D.~G. and {Morgan}, J.~S. and {Onaka}, P.~M. and
	{Stubbs}, C.~W. and {Tonry}, J.~L. and {Banados}, E. and {Bell}, E.~F. and
	{Bender}, R. and {Bernard}, E.~J. and {Botticella}, M.~T. and
	{Casertano}, S. and {Chastel}, S. and {Chen}, W.-P. and {Chen}, X. and
	{Cole}, S. and {Deacon}, N. and {Frenk}, C. and {Fitzsimmons}, A. and
	{Gezari}, S. and {Goessl}, C. and {Goggia}, T. and {Goldman}, B. and
	{Grebel}, E.~K. and {Hambly}, N.~C. and {Hasinger}, G. and {Heavens}, A.~F. and
	{Heckman}, T.~M. and {Henderson}, R. and {Henning}, T. and {Holman}, M. and
	{Hopp}, U. and {Ip}, W.-H. and {Isani}, S. and {Keyes}, C.~D. and
	{Koekemoer}, A. and {Kotak}, R. and {Long}, K.~S. and {Lucey}, J.~R and
	{Liu}, M. and {Martin}, N.~F. and {McLean}, B. and {Morganson}, E. and
	{Murphy}, D.~N.~A. and {Nieto-Santisteban}, M.~A. and {Norberg}, P. and
	{Peacock}, J.~A. and {Pier}, E.~A. and {Postman}, M. and {Primak}, N. and
	{Rae}, C. and {Rest}, A. and {Riess}, A. and {Riffeser}, A. and
	{Rix}, H.~W. and {Roser}, S. and {Schilbach}, E. and {Schultz}, A.~S.~B. and
	{Scolnic}, D. and {Szalay}, A. and {Seitz}, S. and {Shiao}, B. and
	{Small}, E. and {Smith}, K.~W. and {Soderblom}, D. and {Taylor}, A.~N. and
	{Thakar}, A.~R. and {Thiel}, J. and {Thilker}, D. and {Urata}, Y. and
	{Valenti}, J. and {Walter}, F. and {Watters}, S.~P. and {Werner}, S. and
	{White}, R. and {Wood-Vasey}, W.~M. and {Wyse}, R.},
    title = "{The Pan-STARRS1 Surveys}",
  journal = {ArXiv e-prints},
archivePrefix = "arXiv",
   eprint = {1612.05560},
 primaryClass = "astro-ph.IM",
 keywords = {Astrophysics - Instrumentation and Methods for Astrophysics, Astrophysics - Earth and Planetary Astrophysics, Astrophysics - Astrophysics of Galaxies, Astrophysics - Solar and Stellar Astrophysics},
     year = 2016,
    month = dec,
   adsurl = {http://adsabs.harvard.edu/abs/2016arXiv161205560C},
  adsnote = {Provided by the SAO/NASA Astrophysics Data System}
}


@ARTICLE{schlafly11,
   author = {{Schlafly}, E.~F. and {Finkbeiner}, D.~P.},
    title = "{Measuring Reddening with Sloan Digital Sky Survey Stellar Spectra and Recalibrating SFD}",
  journal = {\apj},
archivePrefix = "arXiv",
   eprint = {1012.4804},
 primaryClass = "astro-ph.GA",
 keywords = {dust, extinction, Galaxy: stellar content, ISM: clouds},
     year = 2011,
    month = aug,
   volume = 737,
      eid = {103},
    pages = {103},
      doi = {10.1088/0004-637X/737/2/103},
   adsurl = {http://adsabs.harvard.edu/abs/2011ApJ...737..103S},
  adsnote = {Provided by the SAO/NASA Astrophysics Data System}
}


@ARTICLE{cbj15,
   author = {{Bailer-Jones}, C.~A.~L.},
    title = "{Estimating Distances from Parallaxes}",
  journal = {\pasp},
archivePrefix = "arXiv",
   eprint = {1507.02105},
 primaryClass = "astro-ph.IM",
     year = 2015,
    month = oct,
   volume = 127,
    pages = {994},
      doi = {10.1086/683116},
   adsurl = {http://adsabs.harvard.edu/abs/2015PASP..127..994B},
  adsnote = {Provided by the SAO/NASA Astrophysics Data System}
}

@article{bovy11,
   author = {{Bovy}, J. and {Hogg}, D.~W. and {Roweis}, S.~T.},
    title = "{Extreme deconvolution: Inferring complete distribution functions from noisy, heterogeneous and incomplete observations}",
  journal = {Annals of Applied Statistics},
archivePrefix = "arXiv",
   eprint = {0905.2979},
 primaryClass = "stat.ME",
 keywords = {Bayesian inference, density estimation, Expectation-maximization, missing data, multivariate estimation, noise },
     year = 2011,
    month = jun,
   volume = 5,
    pages = {1657-1677},
      doi = {10.1214/10-AOAS439},
   adsurl = {http://adsabs.harvard.edu/abs/2011AnApS...5.1657B},
  adsnote = {Provided by the SAO/NASA Astrophysics Data System}
}

@ARTICLE{leistedtHogg2017,
   author = {{Leistedt}, B. and {Hogg}, D.~W.},
    title = "{Hierarchical probabilistic inference of the color-magnitude diagram and shrinkage of stellar distance uncertainties}",
  journal = {ArXiv e-prints},
archivePrefix = "arXiv",
   eprint = {1703.08112},
 primaryClass = "astro-ph.SR",
 keywords = {Astrophysics - Solar and Stellar Astrophysics, Astrophysics - Astrophysics of Galaxies, Astrophysics - Instrumentation and Methods for Astrophysics},
     year = 2017,
    month = mar,
   adsurl = {http://adsabs.harvard.edu/abs/2017arXiv170308112L},
  adsnote = {Provided by the SAO/NASA Astrophysics Data System}
}

@ARTICLE{skrutskie06,
   author = {{Skrutskie}, M.~F. and {Cutri}, R.~M. and {Stiening}, R. and
	{Weinberg}, M.~D. and {Schneider}, S. and {Carpenter}, J.~M. and
	{Beichman}, C. and {Capps}, R. and {Chester}, T. and {Elias}, J. and
	{Huchra}, J. and {Liebert}, J. and {Lonsdale}, C. and {Monet}, D.~G. and
	{Price}, S. and {Seitzer}, P. and {Jarrett}, T. and {Kirkpatrick}, J.~D. and
	{Gizis}, J.~E. and {Howard}, E. and {Evans}, T. and {Fowler}, J. and
	{Fullmer}, L. and {Hurt}, R. and {Light}, R. and {Kopan}, E.~L. and
	{Marsh}, K.~A. and {McCallon}, H.~L. and {Tam}, R. and {Van Dyk}, S. and
	{Wheelock}, S.},
    title = "{The Two Micron All Sky Survey (2MASS)}",
  journal = {\aj},
 keywords = {Catalogs, Infrared: General, Surveys},
     year = 2006,
    month = feb,
   volume = 131,
    pages = {1163-1183},
      doi = {10.1086/498708},
   adsurl = {http://adsabs.harvard.edu/abs/2006AJ....131.1163S},
  adsnote = {Provided by the SAO/NASA Astrophysics Data System}
}

@ARTICLE{hogg08,
   author = {{Hogg}, D.~W. and {Myers}, A.~D. and {Bovy}, J.},
    title = "{Inferring the Eccentricity Distribution}",
  journal = {\apj},
archivePrefix = "arXiv",
   eprint = {1008.4146},
 primaryClass = "astro-ph.SR",
 keywords = {binaries: general, methods: data analysis, methods: statistical, planetary systems, planets and satellites: fundamental parameters, stars: kinematics and dynamics},
     year = 2010,
    month = dec,
   volume = 725,
    pages = {2166-2175},
      doi = {10.1088/0004-637X/725/2/2166},
   adsurl = {http://adsabs.harvard.edu/abs/2010ApJ...725.2166H},
  adsnote = {Provided by the SAO/NASA Astrophysics Data System}
}

@ARTICLE{dfm14,
   author = {{Foreman-Mackey}, D. and {Hogg}, D.~W. and {Morton}, T.~D.},
    title = "{Exoplanet Population Inference and the Abundance of Earth Analogs from Noisy, Incomplete Catalogs}",
  journal = {\apj},
archivePrefix = "arXiv",
   eprint = {1406.3020},
 primaryClass = "astro-ph.EP",
 keywords = {catalogs, methods: data analysis, methods: statistical, planetary systems, stars: statistics },
     year = 2014,
    month = nov,
   volume = 795,
      eid = {64},
    pages = {64},
      doi = {10.1088/0004-637X/795/1/64},
   adsurl = {http://adsabs.harvard.edu/abs/2014ApJ...795...64F},
  adsnote = {Provided by the SAO/NASA Astrophysics Data System}
}

@INPROCEEDINGS{hogg11,
   author = {{Hogg}, D.~W. and {Lang}, D.},
    title = "{Telescopes don't make catalogues!}",
booktitle = {EAS Publications Series},
     year = 2011,
   series = {EAS Publications Series},
   volume = 45,
archivePrefix = "arXiv",
   eprint = {1008.0738},
 primaryClass = "astro-ph.IM",
   editor = {{Turon}, C. and {Meynadier}, F. and {Arenou}, F.},
    month = feb,
    pages = {351-358},
      doi = {10.1051/eas/1045059},
   adsurl = {http://adsabs.harvard.edu/abs/2011EAS....45..351H},
  adsnote = {Provided by the SAO/NASA Astrophysics Data System}
}

@ARTICLE{portillo17,
   author = {{Portillo}, S.~K.~N. and {Lee}, B.~C.~G. and {Daylan}, T. and
	{Finkbeiner}, D.~P.},
    title = "{Improved Point Source Detection in Crowded Fields using Probabilistic Cataloging}",
  journal = {ArXiv e-prints},
archivePrefix = "arXiv",
   eprint = {1703.01303},
 primaryClass = "astro-ph.IM",
 keywords = {Astrophysics - Instrumentation and Methods for Astrophysics},
     year = 2017,
    month = mar,
   adsurl = {http://adsabs.harvard.edu/abs/2017arXiv170301303P},
  adsnote = {Provided by the SAO/NASA Astrophysics Data System}
}

@ARTICLE{gaia16,
   author = {{Gaia Collaboration} and {Prusti}, T. and {de Bruijne}, J.~H.~J. and
	{Brown}, A.~G.~A. and {Vallenari}, A. and {Babusiaux}, C. and
	{Bailer-Jones}, C.~A.~L. and {Bastian}, U. and {Biermann}, M. and
	{Evans}, D.~W. and et al.},
    title = "{The Gaia mission}",
  journal = {\aap},
archivePrefix = "arXiv",
   eprint = {1609.04153},
 primaryClass = "astro-ph.IM",
 keywords = {space vehicles: instruments, Galaxy: structure, astrometry, parallaxes, proper motions, telescopes},
     year = 2016,
    month = nov,
   volume = 595,
      eid = {A1},
    pages = {A1},
      doi = {10.1051/0004-6361/201629272},
   adsurl = {http://adsabs.harvard.edu/abs/2016A%26A...595A...1G},
  adsnote = {Provided by the SAO/NASA Astrophysics Data System}
}

@ARTICLE{tgas,
   author = {{Gaia Collaboration} and {Brown}, A.~G.~A. and {Vallenari}, A. and
	{Prusti}, T. and {de Bruijne}, J.~H.~J. and {Mignard}, F. and
	{Drimmel}, R. and {Babusiaux}, C. and {Bailer-Jones}, C.~A.~L. and
	{Bastian}, U. and et al.},
    title = "{Gaia Data Release 1. Summary of the astrometric, photometric, and survey properties}",
  journal = {\aap},
archivePrefix = "arXiv",
   eprint = {1609.04172},
 primaryClass = "astro-ph.IM",
 keywords = {catalogs, astrometry, parallaxes, proper motions, surveys},
     year = 2016,
    month = nov,
   volume = 595,
      eid = {A2},
    pages = {A2},
      doi = {10.1051/0004-6361/201629512},
   adsurl = {http://adsabs.harvard.edu/abs/2016A%26A...595A...2G},
  adsnote = {Provided by the SAO/NASA Astrophysics Data System}
}

@ARTICLE{casey17,
   author = {{Casey}, A.~R. and {Hogg}, D.~W. and {Ness}, M. and {Rix}, H.-W. and
	{Ho}, A.~Q. and {Gilmore}, G.},
    title = "{The Cannon 2: A data-driven model of stellar spectra for detailed chemical abundance analyses}",
  journal = {ArXiv e-prints},
archivePrefix = "arXiv",
   eprint = {1603.03040},
 primaryClass = "astro-ph.SR",
 keywords = {Astrophysics - Solar and Stellar Astrophysics},
     year = 2016,
    month = mar,
   adsurl = {http://adsabs.harvard.edu/abs/2016arXiv160303040C},
  adsnote = {Provided by the SAO/NASA Astrophysics Data System}
}

@ARTICLE{ness15,
   author = {{Ness}, M. and {Hogg}, D.~W. and {Rix}, H.-W. and {Ho}, A.~Y.~Q. and
	{Zasowski}, G.},
    title = "{The Cannon: A data-driven approach to Stellar Label Determination}",
  journal = {\apj},
archivePrefix = "arXiv",
   eprint = {1501.07604},
 primaryClass = "astro-ph.SR",
 keywords = {methods: data analysis, methods: statistical, stars: abundances, stars: fundamental parameters, surveys, techniques: spectroscopic},
     year = 2015,
    month = jul,
   volume = 808,
      eid = {16},
    pages = {16},
      doi = {10.1088/0004-637X/808/1/16},
   adsurl = {http://adsabs.harvard.edu/abs/2015ApJ...808...16N},
  adsnote = {Provided by the SAO/NASA Astrophysics Data System}
}

@ARTICLE{ho17,
   author = {{Ho}, A.~Y.~Q. and {Ness}, M.~K. and {Hogg}, D.~W. and {Rix}, H.-W. and
	{Liu}, C. and {Yang}, F. and {Zhang}, Y. and {Hou}, Y. and {Wang}, Y.
	},
    title = "{Label Transfer from APOGEE to LAMOST: Precise Stellar Parameters for 450,000 LAMOST Giants}",
  journal = {\apj},
archivePrefix = "arXiv",
   eprint = {1602.00303},
 primaryClass = "astro-ph.SR",
 keywords = {catalogs, methods: data analysis, methods: statistical, stars: abundances, stars: fundamental parameters, techniques: spectroscopic },
     year = 2017,
    month = feb,
   volume = 836,
      eid = {5},
    pages = {5},
      doi = {10.3847/1538-4357/836/1/5},
   adsurl = {http://adsabs.harvard.edu/abs/2017ApJ...836....5H},
  adsnote = {Provided by the SAO/NASA Astrophysics Data System}
}

@ARTICLE{hogg05,
   author = {{Hogg}, D.~W. and {Blanton}, M.~R. and {Roweis}, S.~T. and {Johnston}, K.~V.
	},
    title = "{Modeling Complete Distributions with Incomplete Observations: The Velocity Ellipsoid from Hipparcos Data}",
  journal = {\apj},
   eprint = {astro-ph/0505057},
 keywords = {Galaxy: Fundamental Parameters, Galaxy: Kinematics and Dynamics, Methods: Statistical, Galaxy: Solar Neighborhood, Stars: Kinematics},
     year = 2005,
    month = aug,
   volume = 629,
    pages = {268-275},
      doi = {10.1086/431572},
   adsurl = {http://adsabs.harvard.edu/abs/2005ApJ...629..268H},
  adsnote = {Provided by the SAO/NASA Astrophysics Data System}
}

@ARTICLE{bovy09,
   author = {{Bovy}, J. and {Hogg}, D.~W. and {Roweis}, S.~T.},
    title = "{The Velocity Distribution of Nearby Stars from Hipparcos Data. I. The Significance of the Moving Groups}",
  journal = {\apj},
archivePrefix = "arXiv",
   eprint = {0905.2980},
 primaryClass = "astro-ph.GA",
 keywords = {Galaxy: kinematics and dynamics, Galaxy: structure, methods: statistical, solar neighborhood, stars: kinematics, techniques: radial velocities},
     year = 2009,
    month = aug,
   volume = 700,
    pages = {1794-1819},
      doi = {10.1088/0004-637X/700/2/1794},
   adsurl = {http://adsabs.harvard.edu/abs/2009ApJ...700.1794B},
  adsnote = {Provided by the SAO/NASA Astrophysics Data System}
}

@ARTICLE{xdqso,
   author = {{Bovy}, J. and {Hennawi}, J.~F. and {Hogg}, D.~W. and {Myers}, A.~D. and
	{Kirkpatrick}, J.~A. and {Schlegel}, D.~J. and {Ross}, N.~P. and
	{Sheldon}, E.~S. and {McGreer}, I.~D. and {Schneider}, D.~P. and
	{Weaver}, B.~A.},
    title = "{Think Outside the Color Box: Probabilistic Target Selection and the SDSS-XDQSO Quasar Targeting Catalog}",
  journal = {\apj},
archivePrefix = "arXiv",
   eprint = {1011.6392},
 primaryClass = "astro-ph.CO",
 keywords = {catalogs, galaxies: distances and redshifts, methods: statistical, quasars: general, stars: general, stars: statistics},
     year = 2011,
    month = mar,
   volume = 729,
      eid = {141},
    pages = {141},
      doi = {10.1088/0004-637X/729/2/141},
   adsurl = {http://adsabs.harvard.edu/abs/2011ApJ...729..141B},
  adsnote = {Provided by the SAO/NASA Astrophysics Data System}
}

@ARTICLE{xdqsoz,
   author = {{Bovy}, J. and {Myers}, A.~D. and {Hennawi}, J.~F. and {Hogg}, D.~W. and
	{McMahon}, R.~G. and {Schiminovich}, D. and {Sheldon}, E.~S. and
	{Brinkmann}, J. and {Schneider}, D.~P. and {Weaver}, B.~A.},
    title = "{Photometric Redshifts and Quasar Probabilities from a Single, Data-driven Generative Model}",
  journal = {\apj},
archivePrefix = "arXiv",
   eprint = {1105.3975},
 keywords = {catalogs, cosmology: observations, galaxies: distances and redshifts, galaxies: photometry, methods: data analysis, quasars: general},
     year = 2012,
    month = apr,
   volume = 749,
      eid = {41},
    pages = {41},
      doi = {10.1088/0004-637X/749/1/41},
   adsurl = {http://adsabs.harvard.edu/abs/2012ApJ...749...41B},
  adsnote = {Provided by the SAO/NASA Astrophysics Data System}
}

@ARTICLE{michalik15,
   author = {{Michalik}, D. and {Lindegren}, L. and {Hobbs}, D. and {Butkevich}, A.~G.
	},
    title = "{Gaia astrometry for stars with too few observations. A Bayesian approach}",
  journal = {\aap},
archivePrefix = "arXiv",
   eprint = {1507.02963},
 primaryClass = "astro-ph.IM",
 keywords = {astrometry, methods: data analysis, methods: numerical, parallaxes, proper motions, space vehicles: instruments},
     year = 2015,
    month = nov,
   volume = 583,
      eid = {A68},
    pages = {A68},
      doi = {10.1051/0004-6361/201526936},
   adsurl = {http://adsabs.harvard.edu/abs/2015A%26A...583A..68M},
  adsnote = {Provided by the SAO/NASA Astrophysics Data System}
}

@ARTICLE{astraatmadja16b,
   author = {{Astraatmadja}, T.~L. and {Bailer-Jones}, C.~A.~L.},
    title = "{Estimating Distances from Parallaxes. III. Distances of Two Million Stars in the Gaia DR1 Catalogue}",
  journal = {\apj},
archivePrefix = "arXiv",
   eprint = {1609.07369},
 keywords = {catalogs, methods: data analysis, methods: statistical, parallaxes, stars: distances, surveys},
     year = 2016,
    month = dec,
   volume = 833,
      eid = {119},
    pages = {119},
      doi = {10.3847/1538-4357/833/1/119},
   adsurl = {http://adsabs.harvard.edu/abs/2016ApJ...833..119A},
  adsnote = {Provided by the SAO/NASA Astrophysics Data System}
}

@ARTICLE{astraatmadja16a,
   author = {{Astraatmadja}, T.~L. and {Bailer-Jones}, C.~A.~L.},
    title = "{Estimating Distances from Parallaxes. II. Performance of Bayesian Distance Estimators on a Gaia-like Catalogue}",
  journal = {\apj},
archivePrefix = "arXiv",
   eprint = {1609.03424},
 primaryClass = "astro-ph.IM",
 keywords = {methods: data analysis, methods: statistical, parallaxes, stars: distances, stars: fundamental parameters, surveys},
     year = 2016,
    month = dec,
   volume = 832,
      eid = {137},
    pages = {137},
      doi = {10.3847/0004-637X/832/2/137},
   adsurl = {http://adsabs.harvard.edu/abs/2016ApJ...832..137A},
  adsnote = {Provided by the SAO/NASA Astrophysics Data System}
}

@ARTICLE{green15,
   author = {{Green}, G.~M. and {Schlafly}, E.~F. and {Finkbeiner}, D.~P. and
	{Rix}, H.-W. and {Martin}, N. and {Burgett}, W. and {Draper}, P.~W. and
	{Flewelling}, H. and {Hodapp}, K. and {Kaiser}, N. and {Kudritzki}, R.~P. and
	{Magnier}, E. and {Metcalfe}, N. and {Price}, P. and {Tonry}, J. and
	{Wainscoat}, R.},
    title = "{A Three-dimensional Map of Milky Way Dust}",
  journal = {\apj},
archivePrefix = "arXiv",
   eprint = {1507.01005},
 keywords = {dust, extinction, Galaxy: structure, methods: statistical},
     year = 2015,
    month = sep,
   volume = 810,
      eid = {25},
    pages = {25},
      doi = {10.1088/0004-637X/810/1/25},
   adsurl = {http://adsabs.harvard.edu/abs/2015ApJ...810...25G},
  adsnote = {Provided by the SAO/NASA Astrophysics Data System}
}

@article{Astropy-Collaboration:2013,
Adsnote = {Provided by the SAO/NASA Astrophysics Data System},
Adsurl = {http://adsabs.harvard.edu/abs/2013A%26A...558A..33A},
Archiveprefix = {arXiv},
Author = {{Astropy Collaboration} and {Robitaille}, T.~P. and {Tollerud}, E.~J. and {Greenfield}, P. and {Droettboom}, M. and {Bray}, E. and {Aldcroft}, T. and {Davis}, M. and {Ginsburg}, A. and {Price-Whelan}, A.~M. and {Kerzendorf}, W.~E. and {Conley}, A. and {Crighton}, N. and {Barbary}, K. and {Muna}, D. and {Ferguson}, H. and {Grollier}, F. and {Parikh}, M.~M. and {Nair}, P.~H. and {Unther}, H.~M. and {Deil}, C. and {Woillez}, J. and {Conseil}, S. and {Kramer}, R. and {Turner}, J.~E.~H. and {Singer}, L. and {Fox}, R. and {Weaver}, B.~A. and {Zabalza}, V. and {Edwards}, Z.~I. and {Azalee Bostroem}, K. and {Burke}, D.~J. and {Casey}, A.~R. and {Crawford}, S.~M. and {Dencheva}, N. and {Ely}, J. and {Jenness}, T. and {Labrie}, K. and {Lim}, P.~L. and {Pierfederici}, F. and {Pontzen}, A. and {Ptak}, A. and {Refsdal}, B. and {Servillat}, M. and {Streicher}, O.},
Date-Added = {2017-05-30 17:53:02 +0000},
Date-Modified = {2017-05-30 17:53:03 +0000},
Doi = {10.1051/0004-6361/201322068},
Eid = {A33},
Eprint = {1307.6212},
Journal = {\aap},
Keywords = {methods: data analysis, methods: miscellaneous, virtual observatory tools},
Month = oct,
Pages = {A33},
Primaryclass = {astro-ph.IM},
Title = {{Astropy: A community Python package for astronomy}},
Volume = 558,
Year = 2013,
Bdsk-Url-1 = {http://dx.doi.org/10.1051/0004-6361/201322068}}

@article{Van-der-Walt:2011,
Author = {{Van der Walt}, {Stefan} and Colbert, S. Chris and Varoquaux, Gael},
Date-Added = {2017-05-30 18:01:17 +0000},
Date-Modified = {2017-05-30 18:01:17 +0000},
Doi = {http://dx.doi.org/10.1109/MCSE.2011.37},
Journal = {{Computing in Science \& Engineering}},
Number = {2},
Pages = {22-30},
Title = {The NumPy Array: A Structure for Efficient Numerical Computation},
Url = {http://scitation.aip.org/content/aip/journal/cise/13/2/10.1109/MCSE.2011.37},
Volume = {13},
Year = {2011},
Bdsk-Url-1 = {http://scitation.aip.org/content/aip/journal/cise/13/2/10.1109/MCSE.2011.37},
Bdsk-Url-2 = {http://dx.doi.org/10.1109/MCSE.2011.37}}

@article{Hunter:2007,
Abstract = {Matplotlib is a 2D graphics package used for Python
  for application development, interactive scripting, and
  publication-quality image generation across user
  interfaces and operating systems.},
Author = {Hunter, J. D.},
Date-Added = {2017-05-30 18:01:12 +0000},
Date-Modified = {2017-05-30 18:01:12 +0000},
Journal = {Computing In Science \& Engineering},
Number = {3},
Pages = {90--95},
Publisher = {IEEE COMPUTER SOC},
Title = {Matplotlib: A 2D graphics environment},
Volume = {9},
Year = 2007}
